
@article{JM2018-2,
  title={Potential gains in life expectancy by reducing inequality of lifespans in Denmark: an international comparison and cause-of-death analysis},
  author={Aburto, Jos{\'e} Manuel and Wensink, Maarten and van Raalte, Alyson and Lindahl-Jacobsen, Rune},
  journal={BMC public health},
  volume={18},
  number={1},
  pages={831},
  year={2018},
  publisher={BioMed Central}
}

@article{Alvarez20,
  title={Latin American convergence and divergence towards the mortality profiles of developed countries},
  author={Alvarez, Jes{\'u}s-Adri{\'a}n and Aburto, Jos{\'e} Manuel and Canudas-Romo, Vladimir},
  journal={Population Studies},
  volume={74},
  number={1},
  pages={75--92},
  year={2020},
  publisher={Taylor \& Francis}
}

@article{Cao17,
  title={Benchmarking life expectancy and cancer mortality: global comparison with cardiovascular disease 1981-2010},
  author={Cao, Bochen and Bray, Freddie and Beltr{\'a}n-S{\'a}nchez, Hiram and Ginsburg, Ophira and Soneji, Samir and Soerjomataram, Isabelle},
  journal={bmj},
  volume={357},
  pages={j2765},
  year={2017},
  publisher={British Medical Journal Publishing Group}
}

@article{Nau12,
  title={A new method for determining why length of life is more unequal in some populations than in others},
  author={Nau, Claudia and Firebaugh, Glenn},
  journal={Demography},
  volume={49},
  number={4},
  pages={1207--1230},
  year={2012},
  publisher={Springer}
}

@article{SEL16,
  title={Equity and length of lifespan are not the same},
  author={Seligman, Benjamin and Greenberg, Gabi and Tuljapurkar, Shripad},
  journal={Proceedings of the National Academy of Sciences},
  volume={113},
  number={30},
  pages={8420--8423},
  year={2016},
  publisher={National Acad Sciences}
}

@article{HMD_Data,
  title={Human Mortality Database},
  author={HMD},
  journal={University of California, Berkley \& Max Planck Institute for Demographic Research},
  volume={},
  number={},
  pages={},
  year={2018},
  publisher={}
}

@article{WHO_Data,
  title={Health statistics and information systems},
  author={WHO},
  journal={World Health Organization online. Accessed 25 March 2020.},
  volume={},
  number={},
  pages={},
  year={2019},
  publisher={}
}

@article{Janssen04,
  title={ICD coding changes and discontinuities in trends in cause-specific mortality in six European countries, 1950-99},
  author={Janssen, Fanny and Kunst, Anton E},
  journal={Bulletin of the World Health Organization},
  volume={82},
  pages={904--913},
  year={2004},
  publisher={SciELO Public Health}
}

@article{Rizzi16,
  title={Comparison of non-parametric methods for ungrouping coarsely aggregated data},
  author={Rizzi, Silvia and Thinggaard, Mikael and Engholm, Gerda and Christensen, Niels and Johannesen, Tom B{\o}rge and Vaupel, James W and Lindahl-Jacobsen, Rune},
  journal={BMC medical research methodology},
  volume={16},
  number={1},
  pages={59},
  year={2016},
  publisher={Springer}
}

@article{Rizzi15,
  title={Efficient estimation of smooth distributions from coarsely grouped data},
  author={Rizzi, Silvia and Gampe, Jutta and Eilers, Paul HC},
  journal={American Journal of Epidemiology},
  volume={182},
  number={2},
  pages={138--147},
  year={2015},
  publisher={Oxford University Press}
}

@article{van18,
  title={The case for monitoring life-span inequality},
  author={van Raalte, Alyson A and Sasson, Isaac and Martikainen, Pekka},
  journal={Science},
  volume={362},
  number={6418},
  pages={1002--1004},
  year={2018},
  publisher={American Association for the Advancement of Science}
}

